1146 1520
171 111 569 66 Pour les mortz ⁊ les uifz iuger

171 155 488 70 Miscricorde en toy abonde,

169 202 618 71 En quoy tu ueux les tiens sauuer;

172 252 261 64 Tu as iustice,

172 296 575 67 Mon aduocat bis

171 350 569 56 Au iugement, soys moy propice.

176 393 625 65 ¶ O Iesus auquel on doibt croyre,

174 435 489 67 Si ton sermon est entendu;

174 481 571 64 Tu ne ueulx d oeuure meritoire

176 528 561 69 Que paradis nous soit uendu;.

176 577 361 65 Mais quon le baille

173 621 591 61 A tous pour neant bis

166 667 589 72 Sans en payer denier ny maille.

225 761 639 63 ¶ Autre Noel sur le chant; Princes

225 804 640 71 uueillez nous pardõner. ¶ Et sur le

224 852 639 65 chãt Helas q̃ uous a faict mõ coeur.

229 900 605 69 Esueillez uous gẽtilz pasteurs

188 947 545 61 Chantez melodieusement

185 1001 557 61 Femmes, enfantz, ⁊ seruiteurs,

186 1041 504 68 Fairez chanter pareillement;

183 1093 450 59 Notez la facon, ⁊ cõment

185 1142 305 60 Uous chanterez;

185 1184 612 62 En sainct Matthieu expressement

197 1229 425 87 Il est escript, Ainsi direz

607 1271 113 72 B iiii
